@misc{1,
	author = {Cisco},
	title = {Cisco Visual Networking Index: Forecast and Methodology, 2016--2021},
	howpublished = {Available at \url{ https://www.cisco.com/c/en/us/solutions/collateral/service-provider/visual-networking-index-vni/complete-white-paper-c11-481360.html }}
}

@article{2,
	author = {L A Belady},
	title = {A study of replacement algorithms for virtual storage computers},
	journal = {IBM Systems Journal},
	year = {January 1966},
	pages = {78--101}
}

@article{3,
	author = {Nimrod Megiddo and Dharmendra S. Modha},
	title = {Outperforming LRU with an Adaptive Replacement Cache Algorithm},
	journal = {Computer},
	volume = {37},
	year = {April 2004},
	number = {4},
	pages = {58--65}
}

@misc{4,
	author = {IBM},
	howpublished = {\url{https://www.ibm.com/}}
}

@article{5,
	author = {Brian Davison},
	title = {A Survey of Proxy Cache Evaluation Techniques},
	journal = {Proceedings of the Fourth International Web Caching Workshop},
	year = {April 1999},
	pages = {67-77}
}

@article{6,
	author = {K Hornik and M Stincheombe and H White},
	title = {Multilayer feedforward networks are universal approximators},
	journal = {Neural Networks},
	volume = {2},
	year = {1989},
	pages = {359--366}
}

@article{7,
	author = {Tara N Sainath and Brian Kingsbury and George Saon and Hagen Soltau and Abdel-Rahman Mohamed and George Dahl and Bhuvana Ramabhadran},
	title = {Deep convolutional neural networks for large-scale speech tasks},
	journal = {Neural Networks},
	volume = {64},
	year = {April 2015},
	pages = {39--48}
}

@article{8,
	author = {David Silver and Aja Huang and Chris J Maddison and Arthur Guez and Laurent Sifre and George van den Driessche and Julian Schrittwieser and Ioannis Antonoglou and Veda Panneershelvam and Marc Lanctot and Sander Dieleman and Dominik Grewe and John Nham and Nal Kalchbrenner and Ilya Sutskever and Timothy Lillicrap and Madeleine Leach and Koray Kavukcuoglu and Thore Graepel and Demis Hassabis},
	title = {Mastering the game of Go with deep neural networks and tree search},
	journal = {Nature},
	volume = {529},
	year = {28 January 2016},
	pages = {484--489}
}

@article{9,
	author = {Ilya Sutskever and Oriol Vinyals and Quoc V Le},
	title = {Multilayer feedforward networks are universal approximators},
	journal = {Advances in Neural Information Processing Systems},
	volume = {27},
	year = {2014},
}


